@book{nielsen2010quantum,
  title={Quantum computation and quantum information},
  author={Nielsen, Michael A and Chuang, Isaac L},
  year={2010},
  publisher={Cambridge university press}
}

@inproceedings{lloyd2010quantum,
  title={Quantum algorithm for solving linear systems of equations},
  author={Lloyd, Seth},
  booktitle={APS March Meeting Abstracts},
  year={2010}
}