@article{havlicek2018supervised,
  title={Supervised learning with quantum enhanced feature spaces},
  author={Havlicek, Vojtech and C{\'o}rcoles, Antonio D and Temme, Kristan and Harrow, Aram W and Chow, Jerry M and Gambetta, Jay M},
  journal={arXiv preprint arXiv:1804.11326},
  year={2018}
}