@book{nielsen2010quantum,
  title={Quantum computation and quantum information},
  author={Nielsen, Michael A and Chuang, Isaac L},
  year={2010},
  publisher={Cambridge university press}
}

@book{wilde2013quantum,
  title={Quantum information theory},
  author={Wilde, Mark M},
  year={2013},
  publisher={Cambridge University Press}
}

@inproceedings{lloyd2010quantum,
  title={Quantum algorithm for solving linear systems of equations},
  author={Lloyd, Seth},
  booktitle={APS March Meeting Abstracts},
  year={2010}
}

@inproceedings{aaronson2007learnability,
  title={The learnability of quantum states},
  author={Aaronson, Scott},
  booktitle={Proceedings of the Royal Society of London A: Mathematical, Physical and Engineering Sciences},
  volume={463},
  number={2088},
  pages={3089--3114},
  year={2007},
  organization={The Royal Society}
}

@article{10.1088/1361-6633/aab406,
  author={Vedran Dunjko and Hans J Briegel},
    title={Machine learning \& artificial intelligence in the quantum domain: a review of recent progress},
  journal={Reports on Progress in Physics},
        
  url={http://iopscience.iop.org/10.1088/1361-6633/aab406},
  year={2018}
}

@article{shao2018reconsider,
  title={Reconsider HHL algorithm and its related quantum machine learning algorithms},
  author={Shao, Changpeng},
  journal={arXiv preprint arXiv:1803.01486},
  year={2018}
}

@article{circuit,
author = {Cao, Yudong and Daskin, Anmer and Frankel, Steven and Kais, Sabre},
year = {2011},
month = {10},
pages = {},
title = {Quantum Circuit Design for Solving Linear Systems of Equations},
volume = {110},
booktitle = {Molecular Physics}
}

@article{zheng2017solving,
  title={Solving systems of linear equations with a superconducting quantum processor},
  author={Zheng, Yarui and Song, Chao and Chen, Ming-Cheng and Xia, Benxiang and Liu, Wuxin and Guo, Qiujiang and Zhang, Libo and Xu, Da and Deng, Hui and Huang, Keqiang and others},
  journal={Physical review letters},
  volume={118},
  number={21},
  pages={210504},
  year={2017},
  publisher={APS}
}

@article{xuan2016cr04,
  title={CR04 Report: Solving linear equations on a quantum computer},
  author={Xuan, VU Thi},
  year={2016}
}

@article{giovannetti2008quantum,
  title={Quantum random access memory},
  author={Giovannetti, Vittorio and Lloyd, Seth and Maccone, Lorenzo},
  journal={Physical review letters},
  volume={100},
  number={16},
  pages={160501},
  year={2008},
  publisher={APS}
}

@article{zhao2018note,
  title={A note on state preparation for quantum machine learning},
  author={Zhao, Zhikuan and Dunjko, Vedran and Fitzsimons, Jack K and Rebentrost, Patrick and Fitzsimons, Joseph F},
  journal={arXiv preprint arXiv:1804.00281},
  year={2018}
}

@article{lloyd2013quantum,
  title={Quantum algorithms for supervised and unsupervised machine learning},
  author={Lloyd, Seth and Mohseni, Masoud and Rebentrost, Patrick},
  journal={arXiv preprint arXiv:1307.0411},
  year={2013}
}

@article{ciliberto2018quantum,
  title={Quantum machine learning: a classical perspective},
  author={Ciliberto, Carlo and Herbster, Mark and Ialongo, Alessandro Davide and Pontil, Massimiliano and Rocchetto, Andrea and Severini, Simone and Wossnig, Leonard},
  journal={Proc. R. Soc. A},
  volume={474},
  number={2209},
  pages={20170551},
  year={2018},
  publisher={The Royal Society}
}

@article{dong2008quantum,
  title={Quantum reinforcement learning},
  author={Dong, Daoyi and Chen, Chunlin and Li, Hanxiong and Tarn, Tzyh-Jong},
  journal={IEEE Transactions on Systems, Man, and Cybernetics, Part B (Cybernetics)},
  volume={38},
  number={5},
  pages={1207--1220},
  year={2008},
  publisher={IEEE}
}

@article{zhao2018quantum,
  title={Quantum algorithms for training Gaussian Processes},
  author={Zhao, Zhikuan and Fitzsimons, Jack K and Osborne, Michael A and Roberts, Stephen J and Fitzsimons, Joseph F},
  journal={arXiv preprint arXiv:1803.10520},
  year={2018}
}

@article{aaronson2015read,
  title={Read the fine print},
  author={Aaronson, Scott},
  journal={Nature Physics},
  volume={11},
  number={4},
  pages={291},
  year={2015},
  publisher={Nature Publishing Group}
}

@article{rebentrost2014quantum,
  title={Quantum support vector machine for big data classification},
  author={Rebentrost, Patrick and Mohseni, Masoud and Lloyd, Seth},
  journal={Physical review letters},
  volume={113},
  number={13},
  pages={130503},
  year={2014},
  publisher={APS}
}

@book{sutton1998reinforcement,
  title={Reinforcement learning: An introduction},
  author={Sutton, Richard S and Barto, Andrew G},
  volume={1},
  number={1},
  year={1998},
  publisher={MIT press Cambridge}
}

@article{biamonte2017quantum,
  title={Quantum machine learning},
  author={Biamonte, Jacob and Wittek, Peter and Pancotti, Nicola and Rebentrost, Patrick and Wiebe, Nathan and Lloyd, Seth},
  journal={Nature},
  volume={549},
  number={7671},
  pages={195},
  year={2017},
  publisher={Nature Publishing Group}
}

@inproceedings{ambainis2012variable,
  title={Variable time amplitude amplification and quantum algorithms for linear algebra problems},
  author={Ambainis, Andris},
  booktitle={STACS'12 (29th Symposium on Theoretical Aspects of Computer Science)},
  volume={14},
  pages={636--647},
  year={2012},
  organization={LIPIcs}
}

@article{childs2015quantum,
  title={Quantum linear systems algorithm with exponentially improved dependence on precision},
  author={Childs, Andrew M and Kothari, Robin and Somma, Rolando D},
  journal={arXiv preprint arXiv:1511.02306},
  year={2015},
  publisher={\_}
}

@article{arunachalam2017guest,
  title={Guest column: a survey of quantum learning theory},
  author={Arunachalam, Srinivasan and de Wolf, Ronald},
  journal={ACM SIGACT News},
  volume={48},
  number={2},
  pages={41--67},
  year={2017},
  publisher={ACM}
}

@article{lloyd2014quantum,
  title={Quantum principal component analysis},
  author={Lloyd, Seth and Mohseni, Masoud and Rebentrost, Patrick},
  journal={Nature Physics},
  volume={10},
  number={9},
  pages={631},
  year={2014},
  publisher={Nature Publishing Group}
}

@article{rudin, 
title={Support Vector Machines}, 
journal={Duke Course Notes}, 
author={Rudin, Cynthia}
}

@article{kerenidis2016quantum,
  title={Quantum recommendation systems},
  author={Kerenidis, Iordanis and Prakash, Anupam},
  journal={arXiv preprint arXiv:1603.08675},
  year={2016}
}

@article{wiebe2012quantum,
  title={Quantum algorithm for data fitting},
  author={Wiebe, Nathan and Braun, Daniel and Lloyd, Seth},
  journal={Physical review letters},
  volume={109},
  number={5},
  pages={050505},
  year={2012},
  publisher={APS}
}

@article{lloyd2016quantum,
  title={Quantum algorithms for topological and geometric analysis of data},
  author={Lloyd, Seth and Garnerone, Silvano and Zanardi, Paolo},
  journal={Nature communications},
  volume={7},
  pages={10138},
  year={2016},
  publisher={Nature Publishing Group}
}

@article{schuld2016prediction,
  title={Prediction by linear regression on a quantum computer},
  author={Schuld, Maria and Sinayskiy, Ilya and Petruccione, Francesco},
  journal={Physical Review A},
  volume={94},
  number={2},
  pages={022342},
  year={2016},
  publisher={APS}
}

@book{friedman2001elements,
  title={The elements of statistical learning},
  author={Friedman, Jerome and Hastie, Trevor and Tibshirani, Robert},
  volume={1},
  year={2001},
  publisher={Springer series in statistics New York}
}

@article{brassard2002quantum,
  title={Quantum amplitude amplification and estimation},
  author={Brassard, Gilles and Hoyer, Peter and Mosca, Michele and Tapp, Alain},
  journal={Contemporary Mathematics},
  volume={305},
  pages={53--74},
  year={2002},
  publisher={Providence, RI; American Mathematical Society; 1999}
}

@article{farhi2014quantum,
  title={A quantum approximate optimization algorithm},
  author={Farhi, Edward and Goldstone, Jeffrey and Gutmann, Sam},
  journal={arXiv preprint arXiv:1411.4028},
  year={2014}
}

@article{wossnig2018quantum,
  title={Quantum linear system algorithm for dense matrices},
  author={Wossnig, Leonard and Zhao, Zhikuan and Prakash, Anupam},
  journal={Physical review letters},
  volume={120},
  number={5},
  pages={050502},
  year={2018},
  publisher={APS}
}

@article{lloyd2018quantum,
  title={Quantum generative adversarial learning},
  author={Lloyd, Seth and Weedbrook, Christian},
  journal={arXiv preprint arXiv:1804.09139},
  year={2018}
}

@inproceedings{coppersmith1987matrix,
  title={Matrix multiplication via arithmetic progressions},
  author={Coppersmith, Don and Winograd, Shmuel},
  booktitle={Proceedings of the nineteenth annual ACM symposium on Theory of computing},
  pages={1--6},
  year={1987},
  organization={ACM}
}

@book{golub2012matrix,
  title={Matrix computations},
  author={Golub, Gene H and Van Loan, Charles F},
  volume={3},
  year={2012},
  publisher={JHU Press}
}

@inproceedings{grover1996fast,
  title={A fast quantum mechanical algorithm for database search},
  author={Grover, Lov K},
  booktitle={Proceedings of the twenty-eighth annual ACM symposium on Theory of computing},
  pages={212--219},
  year={1996},
  organization={ACM}
}

@article{brassard2002quantum,
  title={Quantum amplitude amplification and estimation},
  author={Brassard, Gilles and Hoyer, Peter and Mosca, Michele and Tapp, Alain},
  journal={Contemporary Mathematics},
  volume={305},
  pages={53--74},
  year={2002},
  publisher={Providence, RI; American Mathematical Society; 1999}
}

@article{kannan2017randomized,
  title={Randomized algorithms in numerical linear algebra},
  author={Kannan, Ravindran and Vempala, Santosh},
  journal={Acta Numerica},
  volume={26},
  pages={95--135},
  year={2017},
  publisher={Cambridge University Press}
}

@article{gilyen2018quantum,
  title={Quantum-inspired low-rank stochastic regression with logarithmic dependence on the dimension},
  author={Gily{\'e}n, Andr{\'a}s and Lloyd, Seth and Tang, Ewin},
  journal={arXiv preprint arXiv:1811.04909},
  year={2018}
}

@article{havlicek2018supervised,
  title={Supervised learning with quantum enhanced feature spaces},
  author={Havlicek, Vojtech and C{\'o}rcoles, Antonio D and Temme, Kristan and Harrow, Aram W and Chow, Jerry M and Gambetta, Jay M},
  journal={arXiv preprint arXiv:1804.11326},
  year={2018}
}

@article{mitaraiquantum,
  title={Quantum Circuit Learning: Framework for Machine Learning with Quantum Enhanced Feature Space.},
  author={Mitarai, Kosuke and Negoro, Makoto and Kitagawa, Masahiro and Fujii, Keisuke}
}

@article{tang2018quantum,
  title={Quantum-inspired classical algorithms for principal component analysis and supervised clustering},
  author={Tang, Ewin},
  journal={arXiv preprint arXiv:1811.00414},
  year={2018}
}

@article{tang2018quantum,
  title={A quantum-inspired classical algorithm for recommendation systems},
  author={Tang, Ewin},
  journal={arXiv preprint arXiv:1807.04271},
  year={2018}
}

@article{arunachalam2016optimal,
  title={Optimal quantum sample complexity of learning algorithms},
  author={Arunachalam, Srinivasan and de Wolf, Ronald},
  journal={arXiv preprint arXiv:1607.00932},
  year={2016}
}

@article{bshouty1998learning,
  title={Learning DNF over the uniform distribution using a quantum example oracle},
  author={Bshouty, Nader H and Jackson, Jeffrey C},
  journal={SIAM Journal on Computing},
  volume={28},
  number={3},
  pages={1136--1153},
  year={1998},
  publisher={SIAM}
}